<record><leader>00000cas a2200000 a 4500</leader><controlfield tag="001">36535794</controlfield><controlfield tag="008">970312c19849999cauwr ne      0    0eng c</controlfield><datafield ind1=" " ind2=" " tag="010"><subfield code="a">sn 97060676 </subfield></datafield><datafield ind1=" " ind2=" " tag="040"><subfield code="a">CNK</subfield><subfield code="b">eng</subfield><subfield code="c">CNK</subfield><subfield code="d">OCLCQ</subfield><subfield code="d">CNK</subfield><subfield code="d">OCLCQ</subfield><subfield code="d">OCLCF</subfield><subfield code="d">OCLCO</subfield></datafield><datafield ind1="1" ind2=" " tag="029"><subfield code="a">AU@</subfield><subfield code="b">000013142361</subfield></datafield><datafield ind1=" " ind2=" " tag="042"><subfield code="a">pcc</subfield></datafield><datafield ind1=" " ind2=" " tag="043"><subfield code="a">n-us-ca</subfield></datafield><datafield ind1="0" ind2=" " tag="130"><subfield code="a">News (Rio Linda, Calif.)</subfield></datafield><datafield ind1="1" ind2="4" tag="245"><subfield code="a">The news.</subfield></datafield><datafield ind1="3" ind2=" " tag="246"><subfield code="a">Rio Linda Elverta news</subfield></datafield><datafield ind1=" " ind2=" " tag="260"><subfield code="a">Rio Linda [Calif.] :</subfield><subfield code="b">Don and Teri Flesch</subfield></datafield><datafield ind1=" " ind2=" " tag="300"><subfield code="a">v.</subfield></datafield><datafield ind1=" " ind2=" " tag="310"><subfield code="a">Weekly</subfield></datafield><datafield ind1="0" ind2=" " tag="362"><subfield code="a">Vol. 2, no. 47 (Nov. 21, 1984)-</subfield></datafield><datafield ind1=" " ind2=" " tag="500"><subfield code="a">"Rio Linda" and "Elverta" appear in smaller print to left and right of masthead title, Mar. 30, 1988-</subfield></datafield><datafield ind1=" " ind2=" " tag="530"><subfield code="a">Master negatives are available for duplication from:</subfield><subfield code="b">California Newspaper Microfilm Archive;</subfield><subfield code="c">positive copies may be purchased by the reel; for further information consult the CNMA at:</subfield><subfield code="u">http://cbsr.ucr.edu</subfield></datafield><datafield ind1=" " ind2="0" tag="651"><subfield code="a">Rio Linda (Calif.)</subfield><subfield code="v">Newspapers.</subfield></datafield><datafield ind1=" " ind2="0" tag="651"><subfield code="a">Elverta (Calif.)</subfield><subfield code="v">Newspapers.</subfield></datafield><datafield ind1=" " ind2="7" tag="655"><subfield code="a">Newspapers.</subfield><subfield code="2">fast</subfield><subfield code="0">(OCoLC)fst01423814</subfield></datafield><datafield ind1=" " ind2="7" tag="651"><subfield code="a">California</subfield><subfield code="z">Elverta.</subfield><subfield code="2">fast</subfield><subfield code="0">(OCoLC)fst01285251</subfield></datafield><datafield ind1=" " ind2="7" tag="651"><subfield code="a">California</subfield><subfield code="z">Rio Linda.</subfield><subfield code="2">fast</subfield><subfield code="0">(OCoLC)fst01297031</subfield></datafield><datafield ind1=" " ind2=" " tag="752"><subfield code="a">United States</subfield><subfield code="b">California</subfield><subfield code="c">Sacramento</subfield><subfield code="d">Rio Linda.</subfield></datafield><datafield ind1="0" ind2="0" tag="780"><subfield code="t">Rio Linda news</subfield><subfield code="w">(DLC)sn 97060675</subfield></datafield></record>